@manual{sample,
  author = {TU Dortmund},
  title = {Versuch zum Literaturverzeichnis},
  year = 2014
}

@online{Schallgeschwindigkeit,
  url = {https://www.geothermie.de/bibliothek/lexikon-der-geothermie/s/schallgeschwindigkeit.html#:~:text=In%20Gasen%20oder%20Gasgemischen%20wie,1235%2C5%20km%2Fh},
  year = 2020
}
