@manual{sample,
  author = {TU Dortmund},
  title = {Versuch zum Literaturverzeichnis},
  year = 2014
}

@online{Lit_Wert_Comp,
  URL = {https://www.leifiphysik.de/kern-teilchenphysik/radioaktivitaet-fortfuehrung/versuche/gammaspektrum-von-cs-137},
  date = {16,02,2021}
}

@online{Massenkoef,
  URL = {https://physics.nist.gov/PhysRefData/Xcom/html/xcom1.html},
  date = {16,02,2021}
} 

@online{Dichte,
  URL = {https://www.hug-technik.com/inhalt/ta/metall.htm},
  date = {16,02,2021}
}