@manual{sample,
  author = {TU Dortmund},
  title = {Versuchsanleitung V23 Quantenanalogien},
  year = 2014
}

@online{Schallgeschwindigkeit,
  url = {https://www.geothermie.de/bibliothek/lexikon-der-geothermie/s/schallgeschwindigkeit.html#:~:text=In%20Gasen%20oder%20Gasgemischen%20wie,1235%2C5%20km%2Fh},
  year = 2020
}

@book{dem1,
  author = {Wolfgang Demtröder},
  title  = {Experimentalphysik 1 - Mechanik und Wärme},
  publisher = {Springer-Lehrbuch},
  ISBN   = {978-3-540-79295-6}
}

@book{dem3,
  author = {Wolfgang Demtröder},
  title  = {Experimentalphysik 3 - Atome, Moleküle und Festkörper},
  publisher = {Springer-Lehrbuch},
  ISBN   = {978-3-662-49094-5}
}
