@manual{sample,
  author = {TU Dortmund},
  title = {V61 Helium-Neon-Laser},
  year = 2020
}

@online{TEMmoden,
  author = {DrBob},
  title  = {Laguerre-gaussian},
  date   = {2004},
  url    = {https://commons.wikimedia.org/w/index.php?curid=4008320}
}

@book{1,
  author = {Wolfgang Demtröder},
  title = {Laserspektroskopie 1 (Grundlagen)},
  publisher = {Springer-Verlag},
  year = {2011}
}

@book{2,
  author = {Joachim Eichler, Jürgen Eichler},
  title = {Laser (Bauformen, Strahlführung, Anwendungen)},
  publisher = {Springer-Verlag},
  year = {2015}
}

@book{3,
  author = {Jürgen Jahns},
  title = {Photonik (Grundlagen, Komponenten und Systeme)},
  publisher = {Oldenbourg-Verlag},
  year = {2001}
}