@manual{sample,
  author = {TU Dortmund},
  title = {V46 - Der Faraday Effekt an Halbleitern},
  year = 2019
}

@online{LitWert,
title = {Bandstruktur von GaAs},
URL = {https://www.iue.tuwien.ac.at/phd/lindorfer/node28.html},
date = {19.08.2020}
}

@book{demt,
author = "W. Demtr√∂der",
title = "Experimentalphysik 3",
publisher = "Springer",
year = 2010,
pages = 483-495
}

@book{exp,
author = "J.Heintze, P.Bock",
title = "Lehrbuch zur Experimentalphysik 4: Wellen und Optik",
publisher = "Springer",
year = 2017,
chapter = 9
}

@book{switch,
author = "E. B. Li, S .J. Chua",
title = "Optical Swichtes",
publisher = "Woodhead Limited",
year = 2010,
chapter = 4
}

@book{eng,
author = "S. D. Smith, S. Moss, K. W. Taylor",
title = "The Energy-Dependence of Elektron Mass in Indium Antimonide Determined from Measurement of the Infrared Faraday Effect",
publisher = "Journal of Physics and Chemistry of Solids 11",
year = 1959,
pages = 11
}

@online{Brechungsindex,
url = {https://www.filmetrics.de/refractive-index-database/GaAs/Gallium-Arsenide},
title ={Brechungsindex von Gallium Arsenide},
date = {31.08.2020}
}