@manual{sample,
  author = {TU Dortmund},
  title = {Versuch zum Literaturverzeichnis},
  year = 2014
}

@online{Gamma_lit,
  url = {http://www.nucleide.org/Laraweb/index.php},
  date = {27.08.2020},
  title ={Library for gamma and alpha emissions}
}