@manual{sample,
  author = {TU Dortmund},
  title = {Versuch zum Literaturverzeichnis},
  year = 2014
}

@article{Bucci,
  author = {C.Bucci, R.Fieschi, G.Guidi},
  title = {Ionic Thermocurrents in Dielectrics},
  journal = {Physics Review},
  volume = {148},
  year ={1966}
}

@article{Fuller,
  author = {R.M. Fuller, R.G.Fuller},
  title = {Research Project for Undergraduates; Ionic Thermoconductivity in Dielectrics},
  journal = {American Journal of Physics},
  volume = {40},
  year ={1972}
}

@article{Muccillo,
  author = {R. Muccillo, J.Rolfe},
  title = {Effect of Irradiation on Impurity–Vacancy Dipoles in KBr Crystals Doped with Strontium},
  journal = {Physica Status Solidi},
  volume = {61},
  year ={1974}
}

@article{Muccillo,
  author = {K.D. Becker, H. Hamann, N. Nozubek, H. Richtering},
  title = {Effect of Irradiation on Impurity–Vacancy Dipoles in KBr Crystals Doped with Strontium},
  journal = {Berichte der Bundesengesellschaft für physikalische Chemie},
  volume = {79},
  year ={1975}
}