@article{theo1,
  author = "L. Kj√¶r and C. Thomsen and O. Henriksen and P. Ring and M. Stubgaard and E. J. Pedersen",
  title = "Evaluation of Relaxation Time Measurements by Magnetic Resonance Imaging",
  journal = "Acta Radiologica",
  pages = "345--351",
  year = "1987",
  DOI  = "https://doi.org/10.3109/02841858709177361"
}

@manual{anleitung,
  author = {TU Dortmund},
  title = {V 49 Messung von Diffusionskonstanten mittels gepulster Kernspinresonanz},
  year = {2020}
}

@article{Quelle_8,
  author = "D. C. Chang and C. F. Hazlewood and B. L. Nichols and H. E. Rorschach",
  title = "Spin Echo Studies on Cellular Water",
  year = "1972",
  DOI = "https://doi.org/10.1038/235170a0"
}