@manual{3,
  author = {TU Dortmund},
  title = {Optisches Pumpen},
  year = {2020}
}

@online{RbVorkommen,
author = {Jaeck, A.},
title  = {Daten und Eigenschaften des Isotops Rb-87},
date   = {2020},
url    = {https://www.internetchemie.info/isotop.php?Kern=Rb-87}
}

@online{2,
author = {Black, E.},
title  = {Optical Pumping},
date   = {2004},
url    = {https://www.phas.ubc.ca/~phys409/manuals/Optical_Pumping-CalTech.pdf}
}

@book{1,
author = {Pfeiler, W.},
title  = {Quanten, Atome, Kerne, Teilchen},
publisher = {De Gruyter},
date   = {2017}
}