@manual{sample,
  author = {TU Dortmund},
  title = {Versuch zum Literaturverzeichnis},
  year = 2014
}

@online{LitWert,
title = {Bandstruktur von GaAs},
URL = {https://www.iue.tuwien.ac.at/phd/lindorfer/node28.html},
date = {19.08.2020}
}